<record><leader>00000cas a2200000 a 4500</leader><controlfield tag="001">11891894</controlfield><controlfield tag="008">850408d18861912ksuwr ne      0   a0eng d</controlfield><datafield ind1=" " ind2=" " tag="010"><subfield code="a">sn 85031116 </subfield></datafield><datafield ind1=" " ind2=" " tag="040"><subfield code="a">KSH</subfield><subfield code="b">eng</subfield><subfield code="c">KSH</subfield><subfield code="d">NPT</subfield><subfield code="d">OCL</subfield><subfield code="d">OCLCQ</subfield></datafield><datafield ind1=" " ind2=" " tag="042"><subfield code="a">msc</subfield></datafield><datafield ind1="0" ind2=" " tag="130"><subfield code="a">Democrat (McPherson, Kan.)</subfield></datafield><datafield ind1="1" ind2="4" tag="245"><subfield code="a">The democrat.</subfield></datafield><datafield ind1=" " ind2=" " tag="260"><subfield code="a">McPherson, Kan. :</subfield><subfield code="b">Davis &amp; Knaus,</subfield><subfield code="c">1886-1912.</subfield></datafield><datafield ind1=" " ind2=" " tag="300"><subfield code="a">26 v. :</subfield><subfield code="b">ill. ;</subfield><subfield code="c">49-61 cm.</subfield></datafield><datafield ind1=" " ind2=" " tag="310"><subfield code="a">Weekly</subfield></datafield><datafield ind1="0" ind2=" " tag="362"><subfield code="a">Vol. 1, no. 1 (Oct. 1, 1886)-v. 26, no. 50 (Aug. 2, 1912).</subfield></datafield><datafield ind1=" " ind2=" " tag="500"><subfield code="a">Published by: Knaus &amp; Height, Jan. 7-Feb. 25, 1887; Warren &amp; Knaus, Mar. 4, 1887-Aug. 2, 1912.</subfield></datafield><datafield ind1=" " ind2=" " tag="525"><subfield code="a">Includes supplements called: Treasurer's reports, July 20, 27, &amp; Aug. 10, 1894.</subfield></datafield><datafield ind1=" " ind2=" " tag="752"><subfield code="a">United States</subfield><subfield code="b">Kansas</subfield><subfield code="c">McPherson</subfield><subfield code="d">McPherson.</subfield></datafield><datafield ind1="0" ind2="7" tag="785"><subfield code="t">McPherson opinion</subfield><subfield code="w">(DLC)sn 85031115</subfield></datafield><datafield ind1="0" ind2="7" tag="785"><subfield code="t">Democrat-opinion</subfield><subfield code="w">(DLC)sn 85031117</subfield></datafield></record>